
@mastersthesis{Kindlmann:1999:SAG,
  author = {Gordon Kindlmann},
  title = {Semi-Automatic Generation of Transfer Functions for Direct Volume Rendering},
  school = {Cornell University},
	address = {USA},
	url = {http://www.graphics.cornell.edu/pubs/1999/Kin99.html},
  year = 1999,
}

